@book{mcquarrie,
    author    = "D. A. McQuarrie",
    title     = "Statistical Mechanics",
    publisher = "University Science Books",
    address   = "Sausalito",
    year =   "2000"
}
@book{dove,
    author    = "M. T. Dove",
    title     = "Introduction to Lattice Dynamics",
    publisher = "Cambridge University Press",
    address   = "Cambridge",
    year      = 1993
}
@article{JPSJ.12.570,
  title = {Statistical-Mechanical Theory of Irreversible Processes. I. General Theory and Simple Applications to Magnetic and Conduction Problems},
  author = {Ryogo Kubo},
  journal = {Journal of the Physical Society of Japan},
  volume = {12},
  number = {6},
  pages = {570-586},
  numpages = {16},
  year = {1957},
  url = {http://jpsj.ipap.jp/link?JPSJ/12/570/},
  doi = {10.1143/JPSJ.12.570},
  publisher = {The Physical Society of Japan}
}
@article{green:398,
author = {Melville S. Green},
collaboration = {},
title = {Markoff Random Processes and the Statistical Mechanics of Time-Dependent Phenomena. II. Irreversible Processes in Fluids},
publisher = {AIP},
year = {1954},
journal = {The Journal of Chemical Physics},
volume = {22},
number = {3},
pages = {398-413},
url = {http://link.aip.org/link/?JCP/22/398/1},
doi = {10.1063/1.1740082}
}
@phdthesis{mcgaugheythesis,
     author = "A. J. H. McGaughey",
   title = "{Phonon Transport in Molecular Dynamics Simulations: Formulation and Thermal Conductivity Prediction}",
     school = "University of Michigan",
     year = 2004,
     type = "{Ph.D. Thesis}",
     address = "Ann Arbor, {MI}",
     month = "",
     note = ""
}
@phdthesis{landrythesis,
     author = "E. S. Landry",
   title = "{Thermal Transport by Phonons across Semiconductor Interfaces, Thin Films, and Superlattices}",
     school = "Carnegie Mellon University",
     year = 2009,
     type = "{Ph.D. Thesis}",
     address = "Pittsburgh, {PE}",
     month = "",
     note = ""
}
@article{Broido1,
    author  = "D. A. Broido, M. Maloney, G. Birner, N. Mingo, and D. Stewart",
    title   = "Intrinsic lattice thermal conductivity of semiconductors from first principles",
    year    = "2007",
    journal = "Applied Physics Letters",
    volume  = "91",
    number  = "231922",
}

@article{PhysRevB.84.085204,
  volume = {84},
  journal = {Phys. Rev. B},
  author = {Esfarjani, Keivan and Chen, Gang and Stokes, Harold T.},
  month = {Aug},
  url = {http://link.aps.org/doi/10.1103/PhysRevB.84.085204},
  doi = {10.1103/PhysRevB.84.085204},
  year = {2011},
  title = {Heat transport in silicon from first-principles calculations},
  issue = {8},
  publisher = {American Physical Society},
  numpages = {11},
  pages = {085204}
}
@article{Li1998139,
title = "Atomistic modeling of finite-temperature properties of crystalline Beta-SiC: II. Thermal conductivity and effects of point defects",
journal = "Journal of Nuclear Materials",
volume = "255",
number = "2â€“3",
pages = "139 - 152",
year = "1998",
note = "",
issn = "0022-3115",
doi = "10.1016/S0022-3115(98)00034-8",
url = "http://www.sciencedirect.com/science/article/pii/S0022311598000348",
author = "Ju Li and Lisa Porter and Sidney Yip"
}

@article{sellan_CP,
     title = {Cross-plane phonon transport in thin films},
  author = {Sellan, D. P. and Turney, J. E. and McGaughey, A. J. H. and Amon, C. H.},
  journal = {Journal of Applied Physics},
  volume = {108},
  pages = {113524},
  numpages = {8},
  year = {2010},
  doi={10.1063/1.3517158},
}

@article{larkin,
   title={Comparison and Evaluation of Spectral Energy Methods for Predicting Phonon Properties},
   author={Larkin, J. M. and Turney, J. E. and Massicotte, A. D. and McGaughey, A. J. H. and Amon, C. H.},
    journal = {Submitted to Phys. Rev. B},
    year = {2012},
}
@article{PhysRev.128.2589,
  volume = {128},
  journal = {Phys. Rev.},
  author = {Maradudin, A. A. and Fein, A. E.},
  month = {Dec},
  url = {http://link.aps.org/doi/10.1103/PhysRev.128.2589},
  doi = {10.1103/PhysRev.128.2589},
  year = {1962},
  title = {Scattering of Neutrons by an Anharmonic Crystal},
  issue = {6},
  publisher = {American Physical Society},
  pages = {2589--2608}
}

@article{RevModPhys.61.605,
  pages = {605--668},
  author = {Swartz, E. T. and Pohl, R. O.},
  month = {Jul},
  volume = {61},
  year = {1989},
  journal = {Rev. Mod. Phys.},
  title = {Thermal boundary resistance},
  doi = {10.1103/RevModPhys.61.605},
  url = {http://link.aps.org/doi/10.1103/RevModPhys.61.605},
  issue = {3},
  publisher = {American Physical Society}
}

