@article{JPSJ.12.570,
  title = {Statistical-Mechanical Theory of Irreversible Processes. I. General Theory and Simple Applications to Magnetic and Conduction Problems},
  author = {Ryogo Kubo},
  journal = {Journal of the Physical Society of Japan},
  volume = {12},
  number = {6},
  pages = {570-586},
  numpages = {16},
  year = {1957},
  url = {http://jpsj.ipap.jp/link?JPSJ/12/570/},
  doi = {10.1143/JPSJ.12.570},
  publisher = {The Physical Society of Japan}
}
@article{green:398,
author = {Melville S. Green},
collaboration = {},
title = {Markoff Random Processes and the Statistical Mechanics of Time-Dependent Phenomena. II. Irreversible Processes in Fluids},
publisher = {AIP},
year = {1954},
journal = {The Journal of Chemical Physics},
volume = {22},
number = {3},
pages = {398-413},
url = {http://link.aip.org/link/?JCP/22/398/1},
doi = {10.1063/1.1740082}
}
@phdthesis{mcgaugheythesis,
     author = "A. J. H. McGaughey",
   title = "{Phonon Transport in Molecular Dynamics Simulations: Formulation and Thermal Conductivity Prediction}",
     school = "University of Michigan",
     year = 2004,
     type = "{Ph.D. Thesis}",
     address = "Ann Arbor, {MI}",
     month = "",
     note = ""
}
@phdthesis{landrythesis,
     author = "E. S. Landry",
   title = "{Thermal Transport by Phonons across Semiconductor Interfaces, Thin Films, and Superlattices}",
     school = "Carnegie Mellon University",
     year = 2009,
     type = "{Ph.D. Thesis}",
     address = "Pittsburgh, {PE}",
     month = "",
     note = ""
}
@article{broido1,
author = {D. A. Broido and M. Malorny and G. Birner and Natalio Mingo and D. A. Stewart},
collaboration = {},
title = {Intrinsic lattice thermal conductivity of semiconductors from first principles},
publisher = {AIP},
year = {2007},
journal = {Applied Physics Letters},
volume = {91},
number = {23},
eid = {231922},
numpages = {3},
pages = {231922},
keywords = {ab initio calculations; density functional theory; elemental semiconductors; germanium; nanostructured materials; phonons; silicon; thermal conductivity},
url = {http://link.aip.org/link/?APL/91/231922/1},
doi = {10.1063/1.2822891}
}

@article{RevModPhys.61.605,
  pages = {605--668},
  author = {Swartz, E. T. and Pohl, R. O.},
  month = {Jul},
  volume = {61},
  year = {1989},
  journal = {Rev. Mod. Phys.},
  title = {Thermal boundary resistance},
  doi = {10.1103/RevModPhys.61.605},
  url = {http://link.aps.org/doi/10.1103/RevModPhys.61.605},
  issue = {3},
  publisher = {American Physical Society}
}

@article{Chen20102392,
title = "How to improve the accuracy of equilibrium molecular dynamics for computation of thermal conductivity?",
journal = "Physics Letters A",
volume = "374",
number = "23",
pages = "2392 - 2396",
year = "2010",
note = "",
issn = "0375-9601",
doi = "10.1016/j.physleta.2010.03.067",
url = "http://www.sciencedirect.com/science/article/pii/S0375960110004081",
author = "Jie Chen and Gang Zhang and Baowen Li",
keywords = "Molecular dynamics",
keywords = "Heat conduction",
keywords = "Thermal properties of crystalline solids"
}


@article{PhysRev.128.2589,
  volume = {128},
  journal = {Phys. Rev.},
  author = {Maradudin, A. A. and Fein, A. E.},
  month = {Dec},
  url = {http://link.aps.org/doi/10.1103/PhysRev.128.2589},
  doi = {10.1103/PhysRev.128.2589},
  year = {1962},
  title = {Scattering of Neutrons by an Anharmonic Crystal},
  issue = {6},
  publisher = {American Physical Society},
  pages = {2589--2608}
}

@article{walkauskas:2579,
author = {S. G. Walkauskas and D. A. Broido and K. Kempa and T. L. Reinecke},
collaboration = {},
title = {Lattice thermal conductivity of wires},
publisher = {AIP},
year = {1999},
journal = {Journal of Applied Physics},
volume = {85},
number = {5},
pages = {2579-2582},
keywords = {thermal conductivity; Boltzmann equation; semiconductor quantum wires; electron-phonon interactions},
url = {http://link.aip.org/link/?JAP/85/2579/1},
doi = {10.1063/1.369576}
}

@article{PhysRevB.70.081310,
  title = {Lattice thermal conductivity of superlattice structures},
  author = {Broido, D. A. and Reinecke, T. L.},
  journal = {Phys. Rev. B},
  volume = {70},
  issue = {8},
  pages = {081310},
  numpages = {4},
  year = {2004},
  month = {Aug},
  doi = {10.1103/PhysRevB.70.081310},
  url = {http://link.aps.org/doi/10.1103/PhysRevB.70.081310},
  publisher = {American Physical Society}
}

@article{PhysRevB.57.14958,
  title = {Thermal conductivity and ballistic-phonon transport in the cross-plane direction of superlattices},
  author = {Chen, G.},
  journal = {Phys. Rev. B},
  volume = {57},
  issue = {23},
  pages = {14958--14973},
  year = {1998},
  month = {Jun},
  doi = {10.1103/PhysRevB.57.14958},
  url = {http://link.aps.org/doi/10.1103/PhysRevB.57.14958},
  publisher = {American Physical Society}
}

@article{PhysRevB.67.195311,
  title = {Partially coherent phonon heat conduction in superlattices},
  author = {Yang, B. and Chen, G.},
  journal = {Phys. Rev. B},
  volume = {67},
  issue = {19},
  pages = {195311},
  numpages = {4},
  year = {2003},
  month = {May},
  doi = {10.1103/PhysRevB.67.195311},
  url = {http://link.aps.org/doi/10.1103/PhysRevB.67.195311},
  publisher = {American Physical Society}
}

@article{dames_682,
author = {C. Dames and G. Chen},
collaboration = {},
title = {Theoretical phonon thermal conductivity of Si/Ge superlattice nanowires},
publisher = {AIP},
year = {2004},
journal = {Journal of Applied Physics},
volume = {95},
number = {2},
pages = {682-693},
keywords = {silicon; germanium; elemental semiconductors; semiconductor superlattices; nanowires; surface topography; thermal conductivity; phonon dispersion relations},
url = {http://link.aip.org/link/?JAP/95/682/1},
doi = {10.1063/1.1631734}
}

@article{PhysRevB.84.085204,
  title = {Heat transport in silicon from first-principles calculations},
  author = {Esfarjani, Keivan and Chen, Gang and Stokes, Harold T.},
  journal = {Phys. Rev. B},
  volume = {84},
  issue = {8},
  pages = {085204},
  numpages = {11},
  year = {2011},
  month = {Aug},
  doi = {10.1103/PhysRevB.84.085204},
  url = {http://link.aps.org/doi/10.1103/PhysRevB.84.085204},
  publisher = {American Physical Society}
}

@article{PhysRevB.85.195302,
  title = {Thermal interface conductance in Si/Ge superlattices by equilibrium molecular dynamics},
  author = {Chalopin, Y. and Esfarjani, K. and Henry, A. and Volz, S. and Chen, G.},
  journal = {Phys. Rev. B},
  volume = {85},
  issue = {19},
  pages = {195302},
  numpages = {7},
  year = {2012},
  month = {May},
  doi = {10.1103/PhysRevB.85.195302},
  url = {http://link.aps.org/doi/10.1103/PhysRevB.85.195302},
  publisher = {American Physical Society}
}

@article{PhysRevB.25.3750,
  title = {Thermal conductivity of superlattices},
  author = {Ren, Shang Yuan and Dow, John D.},
  journal = {Phys. Rev. B},
  volume = {25},
  issue = {6},
  pages = {3750--3755},
  year = {1982},
  month = {Mar},
  doi = {10.1103/PhysRevB.25.3750},
  url = {http://link.aps.org/doi/10.1103/PhysRevB.25.3750},
  publisher = {American Physical Society}
}

@article{PhysRevB.75.195309,
  title = {Coherent phonons in $\mathrm{Si}∕\mathrm{Si}\mathrm{Ge}$ superlattices},
  author = {Ezzahri, Y. and Grauby, S. and Rampnoux, J. M. and Michel, H. and Pernot, G. and Claeys, W. and Dilhaire, S. and Rossignol, C. and Zeng, G. and Shakouri, A.},
  journal = {Phys. Rev. B},
  volume = {75},
  issue = {19},
  pages = {195309},
  numpages = {11},
  year = {2007},
  month = {May},
  doi = {10.1103/PhysRevB.75.195309},
  url = {http://link.aps.org/doi/10.1103/PhysRevB.75.195309},
  publisher = {American Physical Society}
}

@article{PhysRevB.79.214307,
  title = {Nonequilibrium molecular dynamics simulation of the in-plane thermal conductivity of superlattices with rough interfaces},
  author = {Termentzidis, Konstantinos and Chantrenne, Patrice and Keblinski, Pawel},
  journal = {Phys. Rev. B},
  volume = {79},
  issue = {21},
  pages = {214307},
  numpages = {9},
  year = {2009},
  month = {Jun},
  doi = {10.1103/PhysRevB.79.214307},
  url = {http://link.aps.org/doi/10.1103/PhysRevB.79.214307},
  publisher = {American Physical Society}
}

@article{PhysRevB.81.214305,
  title = {Size effects in molecular dynamics thermal conductivity predictions},
  author = {Sellan, D. P. and Landry, E. S. and Turney, J. E. and McGaughey, A. J. H. and Amon, C. H.},
  journal = {Phys. Rev. B},
  volume = {81},
  issue = {21},
  pages = {214305},
  numpages = {10},
  year = {2010},
  month = {Jun},
  doi = {10.1103/PhysRevB.81.214305},
  url = {http://link.aps.org/doi/10.1103/PhysRevB.81.214305},
  publisher = {American Physical Society}
}

@article{PhysRevB.81.081411,
  title = {Predicting phonon dispersion relations and lifetimes from the spectral energy density},
  author = {Thomas, John A. and Turney, Joseph E. and Iutzi, Ryan M. and Amon, Cristina H. and McGaughey, Alan J. H.},
  journal = {Phys. Rev. B},
  volume = {81},
  issue = {8},
  pages = {081411},
  numpages = {4},
  year = {2010},
  month = {Feb},
  doi = {10.1103/PhysRevB.81.081411},
  url = {http://link.aps.org/doi/10.1103/PhysRevB.81.081411},
  publisher = {American Physical Society}
}

@article{PhysRevB.79.075316,
  title = {Effect of interfacial species mixing on phonon transport in semiconductor superlattices},
  author = {Landry, E. S. and McGaughey, A. J. H.},
  journal = {Phys. Rev. B},
  volume = {79},
  issue = {7},
  pages = {075316},
  numpages = {8},
  year = {2009},
  month = {Feb},
  doi = {10.1103/PhysRevB.79.075316},
  url = {http://link.aps.org/doi/10.1103/PhysRevB.79.075316},
  publisher = {American Physical Society}
}

@article{PhysRevB.79.064301,
  title = {Predicting phonon properties and thermal conductivity from anharmonic lattice dynamics calculations and molecular dynamics simulations},
  author = {Turney, J. E. and Landry, E. S. and McGaughey, A. J. H. and Amon, C. H.},
  journal = {Phys. Rev. B},
  volume = {79},
  issue = {6},
  pages = {064301},
  numpages = {12},
  year = {2009},
  month = {Feb},
  doi = {10.1103/PhysRevB.79.064301},
  url = {http://link.aps.org/doi/10.1103/PhysRevB.79.064301},
  publisher = {American Physical Society}
}

@article{PhysRevB.72.174302,
  title = {Minimum superlattice thermal conductivity from molecular dynamics},
  author = {Chen, Yunfei and Li, Deyu and Lukes, Jennifer R. and Ni, Zhonghua and Chen, Minhua},
  journal = {Phys. Rev. B},
  volume = {72},
  issue = {17},
  pages = {174302},
  numpages = {6},
  year = {2005},
  month = {Nov},
  doi = {10.1103/PhysRevB.72.174302},
  url = {http://link.aps.org/doi/10.1103/PhysRevB.72.174302},
  publisher = {American Physical Society}
}

@article{PhysRevB.71.184305,
  title = {Observation and description of phonon interactions in molecular dynamics simulations},
  author = {McGaughey, A. J. H. and Kaviany, M.},
  journal = {Phys. Rev. B},
  volume = {71},
  issue = {18},
  pages = {184305},
  numpages = {11},
  year = {2005},
  month = {May},
  doi = {10.1103/PhysRevB.71.184305},
  url = {http://link.aps.org/doi/10.1103/PhysRevB.71.184305},
  publisher = {American Physical Society}
}

@article{PhysRevB.38.1427,
  title = {Acoustic-phonon propagation in superlattices},
  author = {Tamura, S. and Hurley, D. C. and Wolfe, J. P.},
  journal = {Phys. Rev. B},
  volume = {38},
  issue = {2},
  pages = {1427--1449},
  year = {1988},
  month = {Jul},
  doi = {10.1103/PhysRevB.38.1427},
  url = {http://link.aps.org/doi/10.1103/PhysRevB.38.1427},
  publisher = {American Physical Society}
}

@article{PhysRevB.60.2627,
  title = {Phonon group velocity and thermal conduction in superlattices},
  author = {Tamura, Shin-ichiro and Tanaka, Yukihiro and Maris, Humphrey J.},
  journal = {Phys. Rev. B},
  volume = {60},
  issue = {4},
  pages = {2627--2630},
  year = {1999},
  month = {Jul},
  doi = {10.1103/PhysRevB.60.2627},
  url = {http://link.aps.org/doi/10.1103/PhysRevB.60.2627},
  publisher = {American Physical Society}
}

@article{PhysRevB.61.3091,
  title = {Lattice thermal conductivity reduction and phonon localizationlike behavior in superlattice structures},
  author = {Venkatasubramanian, Rama},
  journal = {Phys. Rev. B},
  volume = {61},
  issue = {4},
  pages = {3091--3097},
  year = {2000},
  month = {Jan},
  doi = {10.1103/PhysRevB.61.3091},
  url = {http://link.aps.org/doi/10.1103/PhysRevB.61.3091},
  publisher = {American Physical Society}
}

@article{PhysRevLett.84.927,
  title = {Minimum Thermal Conductivity of Superlattices},
  author = {Simkin, M. V. and Mahan, G. D.},
  journal = {Phys. Rev. Lett.},
  volume = {84},
  issue = {5},
  pages = {927--930},
  year = {2000},
  month = {Jan},
  doi = {10.1103/PhysRevLett.84.927},
  url = {http://link.aps.org/doi/10.1103/PhysRevLett.84.927},
  publisher = {American Physical Society}
}

@article{PhysRevLett.58.2486,
  title = {Strong localization of photons in certain disordered dielectric superlattices},
  author = {John, Sajeev},
  journal = {Phys. Rev. Lett.},
  volume = {58},
  issue = {23},
  pages = {2486--2489},
  year = {1987},
  month = {Jun},
  doi = {10.1103/PhysRevLett.58.2486},
  url = {http://link.aps.org/doi/10.1103/PhysRevLett.58.2486},
  publisher = {American Physical Society}
}

@article{PhysRevB.56.10754,
  title = {Phonon superlattice transport},
  author = {Hyldgaard, Per and Mahan, G. D.},
  journal = {Phys. Rev. B},
  volume = {56},
  issue = {17},
  pages = {10754--10757},
  year = {1997},
  month = {Nov},
  doi = {10.1103/PhysRevB.56.10754},
  url = {http://link.aps.org/doi/10.1103/PhysRevB.56.10754},
  publisher = {American Physical Society}
}

@article{maradudin_scattering_1962,
	title = {Scattering of Neutrons by an Anharmonic Crystal},
	volume = {128},
	doi = {10.1103/PhysRev.128.2589},
	journal = {Physical Review},
	author = {Maradudin, A. A. and Fein, A. E.},
	year = {1962},
	pages = {2589–2608}
}

@article{PhysRevLett.73.740,
  title = {Coherent Oscillation of Zone-Folded Phonon Modes in GaAs-AlAs Superlattices},
  author = {Yamamoto, Aishi and Mishina, Tomobumi and Masumoto, Yasuaki and Nakayama, Masaaki},
  journal = {Phys. Rev. Lett.},
  volume = {73},
  issue = {5},
  pages = {740--743},
  year = {1994},
  month = {Aug},
  doi = {10.1103/PhysRevLett.73.740},
  url = {http://link.aps.org/doi/10.1103/PhysRevLett.73.740},
  publisher = {American Physical Society}
}

@article{PhysRevLett.43.2012,
  title = {Selective Transmission of High-Frequency Phonons by a Superlattice: The "Dielectric" Phonon Filter},
  author = {Narayanamurti, V. and St\"ormer, H. L. and Chin, M. A. and Gossard, A. C. and Wiegmann, W.},
  journal = {Phys. Rev. Lett.},
  volume = {43},
  issue = {27},
  pages = {2012--2016},
  year = {1979},
  month = {Dec},
  doi = {10.1103/PhysRevLett.43.2012},
  url = {http://link.aps.org/doi/10.1103/PhysRevLett.43.2012},
  publisher = {American Physical Society}
}

@article{doi:10.1021/nl202186y,
author = {Garg, Jivtesh and Bonini, Nicola and Marzari, Nicola},
title = {High Thermal Conductivity in Short-Period Superlattices},
journal = {Nano Letters},
volume = {11},
number = {12},
pages = {5135-5141},
year = {2011},
doi = {10.1021/nl202186y},

URL = {http://pubs.acs.org/doi/abs/10.1021/nl202186y},
eprint = {http://pubs.acs.org/doi/pdf/10.1021/nl202186y}
}

@article{doi:10.1021/nl102918q,
author = {Hopkins, Patrick E. and Reinke, Charles M. and Su, Mehmet F. and Olsson, Roy H. and Shaner, Eric A. and Leseman, Zayd C. and Serrano, Justin R. and Phinney, Leslie M. and El-Kady, Ihab},
title = {Reduction in the Thermal Conductivity of Single Crystalline Silicon by Phononic Crystal Patterning},
journal = {Nano Letters},
volume = {11},
number = {1},
pages = {107-112},
year = {2011},
doi = {10.1021/nl102918q},

URL = {http://pubs.acs.org/doi/abs/10.1021/nl102918q},
eprint = {http://pubs.acs.org/doi/pdf/10.1021/nl102918q}
}


@article{Luckyanova16112012,
author = {Luckyanova, Maria N. and Garg, Jivtesh and Esfarjani, Keivan and Jandl, Adam and Bulsara, Mayank T. and Schmidt, Aaron J. and Minnich, Austin J. and Chen, Shuo and Dresselhaus, Mildred S. and Ren, Zhifeng and Fitzgerald, Eugene A. and Chen, Gang}, 
title = {Coherent Phonon Heat Conduction in Superlattices},
volume = {338}, 
number = {6109}, 
pages = {936-939}, 
year = {2012}, 
doi = {10.1126/science.1225549}, 
abstract ={}, 
URL = {http://www.sciencemag.org/content/338/6109/936.abstract}, 
eprint = {http://www.sciencemag.org/content/338/6109/936.full.pdf}, 
journal = {Science} 
}

@article{Chen_particularities,
year={2000},
issn={1388-0764},
journal={Journal of Nanoparticle Research},
volume={2},
issue={2},
doi={10.1023/A:1010003718481},
title={Particularities of Heat Conduction in Nanostructures},
url={http://dx.doi.org/10.1023/A%3A1010003718481},
publisher={Kluwer Academic Publishers},
keywords={nanoscale heat transfer; nanoparticles; nanowires; phonons; superlattices; thermal conductivity; thin films; microscale effects},
author={Chen, Gang},
pages={199-204},
language={English}
}

@article{chen:220,
author = {G. Chen},
collaboration = {},
title = {Size and Interface Effects on Thermal Conductivity of Superlattices and Periodic Thin-Film Structures},
publisher = {ASME},
year = {1997},
journal = {Journal of Heat Transfer},
volume = {119},
number = {2},
pages = {220-229},
url = {http://link.aip.org/link/?JHR/119/220/1},
doi = {10.1115/1.2824212}
}

@article{chen:945,
author = {G. Chen},
collaboration = {},
title = {Phonon Wave Heat Conduction in Thin Films and Superlattices},
publisher = {ASME},
year = {1999},
journal = {Journal of Heat Transfer},
volume = {121},
number = {4},
pages = {945-953},
url = {http://link.aip.org/link/?JHR/121/945/1},
doi = {10.1115/1.2826085}
}

@article{pomeranchuk1942thermal,
  title={On the thermal conductivity of dielectrics at temperatures lower than that of Debey},
  author={Pomeranchuk, I},
  journal={J. Phys.(Moscow)},
  volume={6},
  pages={237},
  year={1942}
}

@article{tamura_isotope_1983,
	title = {Isotope scattering of dispersive phonons in Ge},
	volume = {27},
	url = {http://link.aps.org/doi/10.1103/PhysRevB.27.858},
	doi = {10.1103/PhysRevB.27.858},
	number = {2},
	journal = {Phys. Rev. B},
	author = {Tamura, Shin-ichiro},
	month = jan,
	year = {1983},
	pages = {858–866}
}

@article{allen_thermal_1993,
	title = {Thermal conductivity of disordered harmonic solids},
	volume = {48},
	doi = {10.1103/PhysRevB.48.12581},
	number = {17},
	journal = {Physical Review B},
	author = {Allen, Philip B. and Feldman, Joseph L.},
	month = nov,
	year = {1993},
	pages = {12581–12588}
}

@article{PhysRevB.70.235214,
  title = {Vibrational spectroscopy of an amorphous∕crystalline sandwich structure for silicon:\quad{} Numerical results},
  author = {Feldman, J. L. and Bernstein, N.},
  journal = {Phys. Rev. B},
  volume = {70},
  issue = {23},
  pages = {235214},
  numpages = {9},
  year = {2004},
  month = {Dec},
  doi = {10.1103/PhysRevB.70.235214},
  url = {http://link.aps.org/doi/10.1103/PhysRevB.70.235214},
  publisher = {American Physical Society}
}

@article{feldman_thermal_1993-1,
	title = {Thermal conductivity and localization in glasses: Numerical study of a model of amorphous silicon},
	volume = {48},
	doi = {10.1103/PhysRevB.48.12589},
	number = {17},
	journal = {Physical Review B},
	author = {Feldman, Joseph L. and Kluge, Mark D. and Allen, Philip B. and Wooten, Frederick},
	month = nov,
	year = {1993},
	pages = {12589–12602}
}

@article{mott1961theory,
  title={The theory of impurity conduction},
  author={Mott, NF and Twose, WD},
  journal={Advances in Physics},
  volume={10},
  number={38},
  pages={107--163},
  year={1961},
  publisher={Taylor \& Francis}
}

@article{esfarjani2011heat,
  title={Heat transport in silicon from first-principles calculations},
  author={Esfarjani, K. and Chen, G. and Stokes, H.T.},
  journal={Physical Review B},
  volume={84},
  number={8},
  pages={085204},
  year={2011},
  publisher={APS}
}

@article{klemens_scattering_1955-3,
	title = {The Scattering of Low-Frequency Lattice Waves by Static Imperfections},
	volume = {68},
	url = {http://stacks.iop.org/0370-1298/68/i=12/a=303},
	abstract = {The scattering of lattice waves by static imperfections is treated by second-order perturbation theory. The transition matrix is composed of contributions due to the mass difference of lattice points, changes in the elastic constants of linkages between lattice points, and elastic strain. Point imperfections are shown to scatter as the fourth power of frequency, dislocations as the first power, and grain boundaries independently of frequency. The magnitude of the scattering cross section is estimated for a variety of lattice defects in alkali halides, for screw and edge dislocations and for grain boundaries. These results are discussed in relation to thermal conduction by the lattice at low temperatures.},
	number = {12},
	journal = {Proceedings of the Physical Society. Section A},
	author = {Klemens, P. G.},
	year = {1955},
	pages = {1113}
}

@article{klemens_thermal_1957-2,
	title = {Thermal Resistance due to Isotopic Mass Variation},
	volume = {70},
	url = {http://stacks.iop.org/0370-1298/70/i=11/a=407},
	number = {11},
	journal = {Proceedings of the Physical Society. Section A},
	author = {Klemens, P. G.},
	year = {1957},
	pages = {833}
}

@article{RevModPhys.53.175,
  title = {Excitation dynamics in random one-dimensional systems},
  author = {Alexander, S. and Bernasconi, J. and Schneider, W. R. and Orbach, R.},
  journal = {Rev. Mod. Phys.},
  volume = {53},
  issue = {2},
  pages = {175--198},
  year = {1981},
  month = {Apr},
  doi = {10.1103/RevModPhys.53.175},
  url = {http://link.aps.org/doi/10.1103/RevModPhys.53.175},
  publisher = {American Physical Society}
}

@article{PhysRev.140.A1812,
  title = {Scattering of Long-Wavelength Phonons by Point Imperfections in Crystals},
  author = {Krumhansl, J. A. and Matthew, J. A. D.},
  journal = {Phys. Rev.},
  volume = {140},
  issue = {5A},
  pages = {A1812--A1817},
  year = {1965},
  month = {Nov},
  doi = {10.1103/PhysRev.140.A1812},
  url = {http://link.aps.org/doi/10.1103/PhysRev.140.A1812},
  publisher = {American Physical Society}
}

@article{Keblinski2002855,
title = "Mechanisms of heat flow in suspensions of nano-sized particles (nanofluids)",
journal = "International Journal of Heat and Mass Transfer",
volume = "45",
number = "4",
pages = "855 - 863",
year = "2002",
note = "",
issn = "0017-9310",
doi = "10.1016/S0017-9310(01)00175-2",
url = "http://www.sciencedirect.com/science/article/pii/S0017931001001752",
author = "P Keblinski and S.R Phillpot and S.U.S Choi and J.A Eastman",
keywords = "Thermal conductivity",
keywords = "Nanofluids",
keywords = "Molecular dynamics simulations",
keywords = "Ballistic heat transport"
}


@article{Cowpe20081066,
title = "Temporally resolved laser induced plasma diagnostics of single crystal silicon â€” Effects of ambient pressure",
journal = "Spectrochimica Acta Part B: Atomic Spectroscopy",
volume = "63",
number = "10",
pages = "1066 - 1071",
year = "2008",
note = "A collection of papers presented at the Euro Mediterranean Symposium on Laser Induced Breakdown Spectroscopy (EMSLIBS 2007)",
issn = "0584-8547",
doi = "10.1016/j.sab.2008.09.007",
url = "http://www.sciencedirect.com/science/article/pii/S0584854708002656",
author = "J.S. Cowpe and J.S. Astin and R.D. Pilkington and A.E. Hill",
keywords = "LIBS",
keywords = "Laser ablation",
keywords = "Plasma diagnostics",
keywords = "Vacuum",
keywords = "Silicon"
}

@article{Klemens_Thermal_1951,
     jstor_articletype = {research-article},
     title = {The Thermal Conductivity of Dielectric Solids at Low Temperatures (Theoretical)},
     author = {Klemens, P. G.},
     journal = {Proceedings of the Royal Society of London. Series A, Mathematical and Physical Sciences},
     jstor_issuetitle = {},
     volume = {208},
     number = {1092},
     jstor_formatteddate = {Aug. 7, 1951},
     pages = {pp. 108-133},
     url = {http://www.jstor.org/stable/98761},
     ISSN = {00804630},
     abstract = {The statistical equilibrium of phonons in the presence of a temperature gradient is investigated, and a general formula for the thermal conductivity of dielectric solids is obtained. This is applied to quartz glass, giving good agreement with values observed by Berman (1951), and to crystals. Comparison between theory and experiment are made for alkalihalides and quartz, and conclusions are drawn about the defects in neutron-irradiated quartz.},
     language = {English},
     year = {1951},
     publisher = {The Royal Society},
     copyright = {Copyright © 1951 The Royal Society},
}


@unpublished{jason2013vc,
title={Evaluation of the Virtual Crystal Approximation for Predicting
Thermal Conductivity},
author={Jason M. Larkin and Alan J. H. McGaughey},
year={2013},
}

@article{jason_inpress,
  title ="Comparison and evaluation of spectral energy methods for predicting phonon properties",
  author  = "J. M. Larkin and J. E. Turney and A. D. Massicotte and C. H. Amon and and A. J. H. McGaughey", 
  year    = "2013",
  journal = "Journal of Computational and Theoretical Nanoscience",
 }


@book{ferry1997transport,
  title={Transport in Nanostructures: Cambridge studies in semiconductor physics and microelectronic engineering},
  author={Ferry, D.K. and Goodnick, S.M.},
  isbn={9780521663656},
  lccn={96036825},
  series={Cambridge Studies in Semiconductor Physics \& Microelectronic Engineering, 6},
  url={http://books.google.ca/books?id=3m7FYNQDl1sC},
  year={1997},
  publisher={University Press}
}

@book{ziman_electrons_2001,
	title = {Electrons and Phonons},
	publisher = {Oxford, New York},
	author = {Ziman, J. M.},
	year = {2001}
},

@book{chen2005nanoscale,
  title={Nanoscale energy transport and conversion: a parallel treatment of electrons, molecules, phonons, and photons},
  author={Chen, G. and Chen, G.},
  isbn={9780195159424},
  lccn={2004052066},
  series={MIT-Pappalardo series in mechanical engineering},
  url={http://books.google.ca/books?id=2sFSAAAAMAAJ},
  year={2005},
  publisher={Oxford University Press}
}

@book{dove_introduction_1993-3,
	title = {Introduction to Lattice Dynamics},
	publisher = {Cambridge, Cambridge},
	author = {Dove, M. T.},
	year = {1993}
}

@article{GULP,
author = {Gale, Julian D. and Rohl, Andrew L.},
title = {The General Utility Lattice Program (GULP)},
journal = {Molecular Simulation},
volume = {29},
number = {5},
pages = {291-341},
year = {2003},
doi = {10.1080/0892702031000104887},

URL = {http://www.tandfonline.com/doi/abs/10.1080/0892702031000104887},
eprint = {http://www.tandfonline.com/doi/pdf/10.1080/0892702031000104887}
}

@article{LAMMPS,
title = "Fast Parallel Algorithms for Short-Range Molecular Dynamics",
journal = "Journal of Computational Physics",
volume = "117",
number = "1",
pages = "1 - 19",
year = "1995",
note = "",
issn = "0021-9991",
doi = "10.1006/jcph.1995.1039",
url = "http://www.sciencedirect.com/science/article/pii/S002199918571039X",
author = "Steve Plimpton"
}

